
@BOOK{Esp32Datasheet,
    AUTHOR="Espressif Systems",
    TITLE="ESP32 Technical Reference Manual, Version 5.0",
    PUBLISHER="Espressif Systems",
    YEAR="2023",
}

@BOOK{Esp32WroomDatasheet,
    AUTHOR="Espressif Systems",
    TITLE="ESP-32-WROOM-32 Datasheet, Version 3.4",
    PUBLISHER="Espressif Systems",
    YEAR="2023",
}

@BOOK{LoraDatasheet,
    AUTHOR="Semtech Corporation",
    TITLE="SX1276/77/78/79 Datasheet, Rev 7",
    PUBLISHER="Semtech Corporation",
    YEAR="2020",
}

@BOOK{SIM800Datasheet,
    AUTHOR="SIMCom",
    TITLE="SIM800 Series AT Command Manual, V1.09",
    PUBLISHER="SIMCom",
    YEAR="2015",
}

@MISC{MINI360,
	HOWPUBLISHED = "\url{https://www.matts-electronics.com/wp-content/uploads/2018/06/MINI-360.pdf}",
	AUTHOR = "matts-electronics",
	TITLE = "MINI-360, MP2307 Buck Converter",
	MONTH = "06",
	YEAR = "2018",
	URLDATE = {2018-06}
}

@MISC{nanoframework,
	HOWPUBLISHED = "\url{https://docs.nanoframework.net/}",
	AUTHOR = "nanoframework",
	TITLE = "Offitial Documentation",
}

@BOOK{Evans2003,
    AUTHOR="Eric Evans",
    TITLE="Domain-Driven Design: Tackling Complexity in the Heart of Software",
    PUBLISHER="Addison-Wesley",
    YEAR="2003",
}

@MISC{ArquitecturaHexagonal:15,
    HOWPUBLISHED = "\url{https://medium.com/@edusalguero/arquitectura-hexagonal-59834bb44b7f}",
    AUTHOR="Edu Salguero",
    TITLE="Arquitectura Hexagonal",
    JOURNAL="Medium",
    YEAR="2018",
}


@MISC{GoStdlibTesting,
	HOWPUBLISHED = "\url{https://pkg.go.dev/testing}",
	AUTHOR = "Google",
	TITLE = "Testing Package",
	MONTH = "08",
	YEAR = "2024",
	URLDATE = {2024-08-13}
}

@MISC{DockerCompose,
    HOWPUBLISHED = "\url{https://docs.docker.com/compose/}",
    AUTHOR = "{Docker, Inc.}",
    TITLE = "Docker Compose Documentation",
    YEAR = "2024",
    URLDATE = "2024-11-30"
}

@MISC{AWSWebsite,
    HOWPUBLISHED = "\url{https://aws.amazon.com/}",
    AUTHOR = "Amazon Web Services",
    TITLE = "Amazon Web Services (AWS) Official Website",
    MONTH = "11",
    YEAR = "2024",
    URLDATE = {2024-11-25}
}

@MISC{DonwebWebsite,
    HOWPUBLISHED = "\url{https://donweb.com/}",
    AUTHOR = "Donweb",
    TITLE = "Donweb Official Website",
    MONTH = "11",
    YEAR = "2024",
    URLDATE = {2024-11-25}
}



@MISC{higrometroFC-28,
	HOWPUBLISHED = "\url{https://www.luisllamas.es/arduino-humedad-suelo-fc-28/}",
	AUTHOR = "Luis Llamas",
	TITLE = "Medir la humedad del suelo con Arduino e higrómetro FC-28",
	MONTH = "01",
	YEAR = "2016",
	URLDATE = {2016-01-19}
}


@misc{Risti,
    AUTHOR={Oscar Sepúlveda Cisneros - Brenda Acevedo Juárez - Claudia Estela Saldaña Durán - Wilson Castro Miguel De la Torre - Himer Avila George},
    doi = {10.17013/risti.41.112–129},
    TITLE="Desarrollo de un sistema embebido para un compostero doméstico inteligente",
    PUBLISHER="Revista Ibérica de Sistemas y Tecnologías de Información",
    YEAR="2021",
}

@misc{Risti,
    AUTHOR={Oscar Sepúlveda Cisneros - Brenda Acevedo Juárez - Claudia Estela Saldaña Durán - Wilson Castro Miguel De la Torre - Himer Avila George},
    doi = {10.17013/risti.41.112–129},
    TITLE="Desarrollo de un sistema embebido para un compostero doméstico inteligente",
    PUBLISHER="Revista Ibérica de Sistemas y Tecnologías de Información",
    YEAR="2021",
}

@misc{FactoresCompost,
    AUTHOR={Pedro Bueno Márquez - Manuel Jesús Díaz Blanco y Francisco Cabrera Capitán},
    TITLE="Factores que afectan al proceso de Compostaje",
    PUBLISHER="Departamento de Ingeniería Química, Química Física y Química Orgánica. Universidad de Huelva.",
    YEAR="2008",
    EDITOR="Consejo Superior de Investigaciones Científicas (CSIC) a través de su Instituto de Recursos Naturales y Agrobiología de Sevilla (IRNAS)",
    DIGITAL-CSIC="https://digital.csic.es/handle/10261/20837"

}

@misc{ManualBuenasPracticas,
    AUTHOR={Violeta Silbert Voldman - Paola Campitelli - María Fernanda Suárez - Guillermo Garrido},
    TITLE="Manual de buenas prácticas para producir compost hogareño",
    PUBLISHER="INTI - Facultad de Ciencias Agropecuarias, Universidad Nacional de Córdoba",
    YEAR="2018",
    ISBN="978-987-46085-7",
    URL="https://www.inti.gob.ar/publicaciones/descargac/348"
}

@misc{Compost,
    AUTHOR={Elena Elisabeta Manea - Costel Bumbac - Laurentiu Razvan Dinu - Marius Bumbac - Cristina Mihaela Nicolescu},
    TITLE="Composting as a Sustainable Solution for Organic Solid Waste Management: Current Practices and Potential Improvements",
    PUBLISHER=" Recycling Biomass for Agriculture and Bioenergy Production",
   doi = {10.3390/su16156329},
    YEAR="2024",
}

@MISC{kaise,
	HOWPUBLISHED = "\url{https://ar.tempelgrouplatam.com/wp-content/uploads/2022/03/KAISE-KB127-1.pdf}",
	AUTHOR = "Kaise",
	TITLE = "Kasie - KB127",
}

@MISC{18650,
	HOWPUBLISHED = "\url{https://bateria18650.com/ficha-tecnica-de-la-bateria-de-litio-18650/}",
	AUTHOR = "Energy DLN",
	TITLE = "Pilas - 18650",
}

@MISC{codigoFuente,
	HOWPUBLISHED = "\url{https://github.com/irekuervo/smartcompost}",
	AUTHOR = "Smart Compost",
	TITLE = "Código fuente Firmware Smart Compost",
}


@MISC{Sensor_temp,
	HOWPUBLISHED = "\url{https://www.alldatasheet.com/datasheet-pdf/pdf/1366667/SPARKFUN/SEN-11050.html}",
	AUTHOR = "Sparkfun",
	TITLE = "Temperature Sensor - Waterproof (DS18B20)",
}

@MISC{yl_69_calibration,
	AUTHOR = {I Setyowati1, D Novianto and E Purnomo},
	TITLE = "Preliminary design and soil moisture sensor yl-69 calibration
for implementation of smart irrigation",
doi = {10.1088/1742-6596/1517/1/012078}
}


@MISC{GWMO2024,
	AUTHOR = {United Nations Environment Programme
International Solid Waste Association(ISWA)},
	TITLE = "Global Waste Management Outlook 2024 - Beyond an age of waste: Turning Rubbish into a Resource",
doi = {10.59117/20.500.11822/44939}
}

@MISC{curvaTemp,
	AUTHOR = {Nancy M Trautmann
Cornell University, Marianne E. Krasny
Cornell University},
	TITLE = "Composting in the Classroom: Scientific Inquiry for High School Students",
HOWPUBLISHED = "\url{https://www.researchgate.net/publication/237413430_Composting_in_the_Classroom_Scientific_Inquiry_for_High_School_Students}",
}

@MISC{INTA,
	AUTHOR = {INTA INFORMA},
	TITLE = "Desarrollan sensor que optimiza la producción de compost",
HOWPUBLISHED = "\url{https://intainforma.inta.gob.ar/desarrollan-sensor-para-optimizar-la-produccion-de-compost/}",
}

@MISC{ECORICH,
	AUTHOR = {EcoRich},
	TITLE = "Aerobic Digestion Solutions",
HOWPUBLISHED = "\url{https://www.ecorichenv.com/aerobic-solutions}",
}

@MISC{JAPON,
	AUTHOR = {Idemitsu},
	TITLE = "Idemitsu Begins Study on Establishing a Large-scale Organic Waste Composting Business -Collaboration with Canadian startup, aiming for initial plant construction in Japan in the late 2020s",
HOWPUBLISHED = "\url{https://www.idemitsu.com/en/news/2023/230628.html}",
}

@MISC{DenverUrban,
	AUTHOR = {Denver Urban Garden},
	TITLE = "El compostaje, una de las estrategias de Denver para combatir el cambio climático",
HOWPUBLISHED = "\url{https://dug.org/es/el-compostaje-una-de-las-estrategias-de-denver-para-combatir-el-cambio-climatico/}",
}

@MISC{FarmPhilly,
	AUTHOR = {Farm Philly},
	TITLE = "Cultivamos y apoyamos proyectos de agricultura urbana en los vecindarios de Filadelfia",
HOWPUBLISHED = "\url{https://www.phila.gov/es/programs/farmphilly/}",
}

@MISC{ZeroWaste,
	AUTHOR = {Zero Waste},
	TITLE = "C40 Guías de Buenas Prácticas: San Francisco - Zero Waste para 2020",
HOWPUBLISHED = "\url{https://www.c40.org/es/case-studies/c40-good-practice-guides-san-francisco-zero-waste-by-2020/}",
}


@MISC{SolarLine,
	AUTHOR = {Solar Line},
	TITLE = "Cargado de baterias 12 V con panel solar",
HOWPUBLISHED = "\url{https://www.solaryeolicasrl.com.ar/MLA-1382749228-cargador-de-bateria-12v-con-panel-solar-20wp-mas-regulador-_JM#polycard_client=search-nordic-mshops&position=1&search_layout=stack&type=item&tracking_id=d70dbc0f-a58f-4a07-a978-c55ba6ee66f1}",
}


@MISC{Magesa,
	AUTHOR = {Magesa},
	TITLE = "Termómetro Digital Magesa A Prueba De Agua Punta Rígida DT11A",
HOWPUBLISHED = "\url{https://www.magesastore.com.ar/productos/termometro-digital-magesa-a-prueba-de-agua-punta-rigida-dt11a/?srsltid=AfmBOoqNJvDixkRMXmg-Y0D5HygQWpbRCaIoQfPnM3l8f52rW3ALfFda}",
}